 @misc{keim_2019,
 title={What is a low pass filter? A tutorial on the basics of passive RC Filters - technical articles},
howpublished={\url{https://www.allaboutcircuits.com/technical-articles/low-pass-filter-tutorial-basics-passive-RC-filter}},
 journal={All About Circuits},
 publisher={EETech Media, LLC},
 author={Keim, Robert},
 year={2019},
 month={May}} 

@MISC{pwm,
author = {Thewrightstuff},
title = {Examples of 50\%, 75\%, and 25\% duty cycles},
month = sep,
year = {2018},
howpublished = {\url{https://en.wikipedia.org/wiki/Pulse-width_modulation#/media/File:Duty_Cycle_Examples.png}}
}

@incollection{TERRELL1996337,
title = {CHAPTER EIGHT - Digital-to-Analog and Analog-to-Digital Conversion},
editor = {David L. Terrell},
booktitle = {Op Amps (Second Edition)},
publisher = {Newnes},
edition = {Second Edition},
address = {Burlington},
pages = {337-359},
year = {1996},
isbn = {978-0-7506-9702-6},
doi = {https://doi.org/10.1016/B978-075069702-6/50009-3},
url = {\url{https://www.sciencedirect.com/science/article/pii/B9780750697026500093}},
author = {David L. Terrell}
}
 @misc{ghassaei_instructables_2017,
 title={Send and receive Midi with Arduino},
howpublished={\url{https://www.instructables.com/Send-and-Receive-MIDI-with-Arduino/#discuss}},
 journal={Instructables},
 publisher={Instructables},
 author={Ghassaei, Amanda and Instructables},
 year={2017},
 month={Oct}
 } 
 
@misc{phongchit_2016, title={What is Baud Rate \& Why is it important?}, howpublished={\url{https://www.setra.com/blog/what-is-baud-rate-and-what-cable-length-is-required-1}}, journal={Premium Sensing Solutions}, publisher={Setra Systems}, author={Phongchit, Nikko}, year={2016}, month={Jan}} 